% ------------------------------------------------------------------------
% SAMPLE BIBLIOGRAPHY FILE
% ------------------------------------------------------------------------


@article{vibr_states,
  author  = {M.A. Belyanchikov, E.S. Zhukova, S. Tretiak, A. Zhugayevych, M. Dressel, F. Uhlig, J. Smiatek, M. Fyta, V.G. Thomas, B.P. Goshunov}, 
  title   = {Vibrational state of nano-confined water molecule in beryl investigated by first-principles calculations and optical experiments},
  journal = {Phys. Chem. Chem. Phys.},
  year    = 2017,
  number  = 19,
  pages   = {30740},
}
@article{bb,
key="bb",
author = {Coronado, Enrique and Villalobos, Jessica and Bruno, Barbara and Mastrogiovanni, Fulvio},
year = {2017},
month = {05},
pages = {},
title =" {Gesture-based Robot Control: Design Challenges and Evaluation with Humans}"
}


% ------------------------------------------------------------------------
